<?xml version="1.0" encoding="UTF-8"?><collection xmlns="http://www.loc.gov/MARC21/slim"><record><leader>00615nam--2200193-u-4500</leader><controlfield tag="001">000055732</controlfield><controlfield tag="002">20161230</controlfield><controlfield tag="005">20161230201052</controlfield><controlfield tag="008">130404s1000------------r-----000-0-fre-d</controlfield><datafield ind1=" " ind2=" " tag="040"><subfield code="a">IFIN-HH</subfield></datafield><datafield ind1=" " ind2=" " tag="041"><subfield code="a">fre</subfield></datafield><datafield ind1=" " ind2=" " tag="080"><subfield code="a">530.12</subfield></datafield><datafield ind1="1" ind2=" " tag="100"><subfield code="a">Perrin, Francis</subfield></datafield><datafield ind1="1" ind2="0" tag="245"><subfield code="a">La dynamique relativiste et l'inertie de l'energie</subfield><subfield code="b">Centre international de synthese deuxieme semaine de synthese la relativite</subfield><subfield code="c">Francis perrin</subfield></datafield><datafield ind1=" " ind2=" " tag="260"><subfield code="a">Paris</subfield><subfield code="b">Hermann Et Cie, Editeurs</subfield><subfield code="c">1932</subfield></datafield><datafield ind1=" " ind2=" " tag="300"><subfield code="a">20P</subfield></datafield><datafield ind1=" " ind2=" " tag="490"><subfield code="a">Acutalites Scientifiques Et Industrielles</subfield><subfield code="v">Vol. Xli</subfield></datafield><datafield ind1=" " ind2=" " tag="852"><subfield code="a">44445</subfield><subfield code="c">H.H</subfield></datafield><datafield ind1=" " ind2=" " tag="CAT"><subfield code="a">Sys</subfield><subfield code="c">20130404</subfield><subfield code="h">111424</subfield></datafield></record></collection>